<?xml version="1.0" encoding="UTF-8"?><record xmlns="http://www.loc.gov/MARC21/slim" xmlns:cinclude="http://apache.org/cocoon/include/1.0" xmlns:zs="http://www.loc.gov/zing/srw/">
  <leader>01054cz  a2200205n  4500</leader>
  <controlfield tag="001">no2007135675</controlfield>
  <controlfield tag="003">DLC</controlfield>
  <controlfield tag="005">20120817082828.0</controlfield>
  <controlfield tag="008">071107n| acannaabn          |a ana     c</controlfield>
  <datafield tag="010" ind1=" " ind2=" ">
    <subfield code="a">no2007135675</subfield>
  </datafield>
  <datafield tag="035" ind1=" " ind2=" ">
    <subfield code="a">(OCoLC)oca07575637</subfield>
  </datafield>
  <datafield tag="040" ind1=" " ind2=" ">
    <subfield code="a">WaU</subfield>
    <subfield code="b">eng</subfield>
    <subfield code="c">WaU</subfield>
    <subfield code="d">DLC</subfield>
  </datafield>
  <datafield tag="111" ind1="2" ind2=" ">
    <subfield code="a">International Conference on Management Science &amp; Engineering</subfield>
  </datafield>
  <datafield tag="411" ind1="2" ind2=" ">
    <subfield code="a">Conference on Management Science &amp; Engineering, International</subfield>
  </datafield>
  <datafield tag="411" ind1="2" ind2=" ">
    <subfield code="a">Guan li ke xue yu gong cheng guo ji hui yi</subfield>
  </datafield>
  <datafield tag="411" ind1="2" ind2=" ">
    <subfield code="a">ICMSE</subfield>
  </datafield>
  <datafield tag="411" ind1="2" ind2=" ">
    <subfield code="a">International Conference on Management Science and Engineering</subfield>
  </datafield>
  <datafield tag="667" ind1=" " ind2=" ">
    <subfield code="a">THIS 1XX FIELD CANNOT BE USED UNDER RDA UNTIL THIS RECORD HAS BEEN REVIEWED AND/OR UPDATED</subfield>
  </datafield>
  <datafield tag="670" ind1=" " ind2=" ">
    <subfield code="a">Electronic reproduction/Proceedings of 2006 International Conference on Management Science &amp; Engineering (13th), 2006:</subfield>
    <subfield code="b">t.p. (October 5-7, 2006, Lille, France) copyright p. (2006 nian guan li ke xue yu gong cheng guo ji hui yi)</subfield>
  </datafield>
  <datafield tag="670" ind1=" " ind2=" ">
    <subfield code="a">IEEE Xplore, via WWW, Nov. 7, 2007</subfield>
    <subfield code="b">(Management Science and Engineering, 2006. ICMSE '06. 2006 International Conference on)</subfield>
  </datafield>
</record>